@INPROCEEDINGS{yu96,
        AUTHOR="R. Yu and A. R. Allen and J. Watson",
        TITLE="An optimal wavelet thresholding method for speckle noise reduction",
        BOOKTITLE="Summer School on Wavelets: Papers",
        ADDRESS="Gliwice, Poland",
        PAGES="77--81",
	PUBLISHER="Silesian Technical University",
        YEAR="1996"
}

@INPROCEEDINGS{goodman75,
        AUTHOR="J. W. Goodman",
	TITLE="Statistical properties of laser speckle patterns",
        BOOKTITLE="Laser speckle and related phenomena",
	EDITOR="J. C. Dainty",
	PUBLISHER="Springer-Verlag",
        PAGES="9--75",
        YEAR=1975
}

@ARTICLE{lee80,
	AUTHOR="J. S. Lee",
	TITLE="Digital image enhancement and noise filtering by use of local statistics",
	JOURNAL="IEEE Trans. on Pattern Analysis and Machine Intelligence",
	VOLUME="PAMI-2",
	NUMBER="2",
	MONTH="March",
	YEAR="1980",
	PAGES="165--168"
}

@BOOK{stark,
	AUTHOR="J. L. Stark and F. Murtagh and A. Bijaoui",
	TITLE="Image processing and data analysis - {T}he multiscale approach",
	PUBLISHER="Cambridge University Press",
	YEAR="1998"	
}
	
@INPROCEEDINGS{guo,
	AUTHOR="H. Guo and J. E. Odegard and M. Lang and R. A. Gopinath",
	TITLE="Wavelet based speckle reduction with application to {SAR} based {ATD}/{R}",
	BOOKTITLE="IEEE Intl. Conf. on Image Processing",
	YEAR="1994",
	ADDRESS="Austin, TX, USA",
	MONTH="November",
	PAGES="75--79",
	VOLUME="1"
}

@INPROCEEDINGS{cena,
	AUTHOR="B. Cena and N. Spadaccini",
	TITLE="Wavelet shrinkage of ultrasound data",
	BOOKTITLE="Summer School on Wavelets: Papers",
	YEAR="1996",
	ADDRESS="Gliwice, Poland",
	PAGES="11--18",
	PUBLISHER="Silesian Technical University"
}

@BOOK{jfprice,
	AUTHOR="J. F. Price",
	TITLE="Fourier techniques and applications",
	PUBLISHER="Plenum Press",
	YEAR="1985"
}

@MISC{robi,
	AUTHOR="R. Polikar",
	TITLE="The wavelet tutorial [Online]",
	NOTE="Available from World Wide Web (date accessed: December, 2004): 
		\begin{footnotesize}\\http://engineering.rowan.edu/\%7epolikar/WAVELETS/WTtutorial.html\end{footnotesize}"
}

@BOOK{sir_mk,
	AUTHOR="Sir M. Kendall",
	TITLE="Time-series",
	PUBLISHER="Charles Griffin and Company Ltd.",
	YEAR="1976"
}

@BOOK{e_c_if,
	AUTHOR="E. C. Ifeachor and B. W. Jervis",
	TITLE="Digital signal processing: A practical approach",
	PUBLISHER="Addison-Wesley Publishers Ltd.",
	YEAR="1993"
}

@BOOK{c_w_the,
	AUTHOR="C. W. Therrien",
	TITLE="Discrete random signals and statistical signal processing",
	PUBLISHER="Prentice-Hall Intl. Inc.",
	YEAR="1992"
}

@BOOK{b_b_hub,
	AUTHOR="B. B. Hubbard",
	TITLE="The world according to wavelets",
	PUBLISHER="A. K. Peters Ltd.",
	YEAR="1996"
}

@ARTICLE{graps,
	AUTHOR="A. Graps",
	TITLE="An introduction to wavelets",
	JOURNAL="IEEE Computational Science and Engineering",
	VOLUME="2",
	NUMBER="2",
	YEAR="1995",
	PAGES="50--61",
	NOTE="Available from World Wide Web (date accessed: December, 2004): \begin{footnotesize}http://www.amara.com/IEEEwave/IEEEwavelet.html\end{footnotesize}"
}

@BOOK{chuiAndyWav,
	AUTHOR="C. H. Chui",
	TITLE="Wavelet analysis and its applications",
	PUBLISHER="Academic Press (New York)",
	YEAR="1992"
}

@ARTICLE{daub1AndyWav,
	AUTHOR="I. Daubechies",
	TITLE="Orthonormal bases of compactly supported wavelets",
	JOURNAL="Communications on Pure and Applied Mathematics",
	VOLUME="41",
	YEAR="1988",
	PAGES="909--996"
}

@BOOK{daub2AndyWav,
	AUTHOR="I. Daubechies",
	TITLE="Ten lectures on wavelets",
	PUBLISHER="Society for Industrial and Applied Mathematics (SIAM, Philadelphia)",
	YEAR="1992"
}

@BOOK{ruskaiAndyWav,
	AUTHOR="M. M. Ruskai and G. Beylkin and R. Coifman and I. Daubechies and S. Mallat and Y. Meyer and L. Raphael", 
	TITLE="Wavelets and their applications",
	PUBLISHER="Jones and Barlett",
	YEAR="1992"
}

@BOOK{mallatAndyWav,
	AUTHOR="S. Mallat",
	TITLE="A wavelet tour of signal processing",
	PUBLISHER="Academic Press",
	YEAR="1999"
}

@MASTERSTHESIS{meerMasters,
	AUTHOR="P. Meerwald",
	TITLE="Digital image watermarking in the wavelet transform domain",
	SCHOOL="Department of Scientific Computing, University of Salzburg, Austria",
	YEAR="2001",
	MONTH="January",
	NOTE="Available from World Wide Web (date accessed: December, 2004): 
		\begin{footnotesize}\\http://www.cosy.sbg.ac.at/\~{}pmeerw/Watermarking/\end{footnotesize}"
}

@MISC{haarExWeb,
	AUTHOR="C. DeTar",
	TITLE="Discrete wavelet transforms [online]",
	NOTE="Available from World Wide Web (date accessed: December, 2004):
		\begin{footnotesize}\\http://www.physics.utah.edu/\~{}detar/phycs6730/handouts/wavelets/wavelets/\end{footnotesize}"
}

@MISC{waveletsHumanEyes,
	AUTHOR="D. MacKenzie",
	TITLE="Beyond Discovery - {W}avelets: Seeing the forest and the trees [online]",
	NOTE="Available from World Wide Web (date accessed: December, 2004):
		\begin{footnotesize}\\http://www.beyonddiscovery.org/\end{footnotesize}"
}

@TECHREPORT{taswellHWW,
	AUTHOR="C. Taswell",
	TITLE="The what, how and why of wavelet shrinkage denoising",
	INSTITUTION="Computational Toolsmiths",
	NUMBER="CT-1998-09",
	MONTH="August",
	YEAR="1998",
	NOTE="Available from World Wide Web (date accessed: December, 2004):
		\begin{footnotesize}\\http://www.toolsmiths.com/progs/user.htm\#papers\end{footnotesize}"
}

@ARTICLE{donohoJohnstone,
	AUTHOR="D. L. Donoho and I. M. Johnstone",
	TITLE="Ideal spatial adaption via wavelet shrinkage",
	JOURNAL="Biometrika",
	VOLUME="81",
	MONTH="September",
	YEAR="1994",
	PAGES="425--455"
}

@ARTICLE{donohoJohnAdapt,
	AUTHOR="D. L. Donoho and I. M. Johnstone",
	TITLE="Adapting to unknown smoothness via wavelet shrinkage",
	JOURNAL="Journal of the American Statistical Association",
	YEAR="1995",
	VOLUME="90",
	NUMBER="132",
	MONTH="December",
	PAGES="1200--1224"
}

@INPROCEEDINGS{sveinssonTI,
	AUTHOR="J. R. Sveinsson and O. Hilmarsson and J. A. Benediktsson",
	TITLE="Translation invariant wavelets for speckle reduction of {SAR} images",
	BOOKTITLE="Proceedings of the International Geoscience and Remote Sensing (IGARSS`98)",
	VOLUME="II",
	YEAR="1998",
	PAGES="1121--1123"
}

@INPROCEEDINGS{sveinssonMulti,
	AUTHOR="J. R. Sveinsson and J. A. Benediktsson",
	TITLE="Multiple wavelet transformations for speckle reduction of {SAR} images",
	BOOKTITLE="Proceedings of the International Geoscience and Remote Sensing (IGARSS`99)",
	VOLUME="II",
	YEAR="1999",
	PAGES="1321--1324"
}

@INPROCEEDINGS{fukudaSAR,
	AUTHOR="S. Fukuda and H. Hirosawa",
	TITLE="Multiresolution analysis and processing of synthetic aperture radar images using wavelets",
	BOOKTITLE="IEEE Intl. Geoscience Remote Sensing Symposium (IGARSS`97)",
	ADDRESS="Singapore",
	MONTH="August",
	YEAR="1997",
	PAGES="1187--1189"
}

@ARTICLE{fukudaSAR2,
	AUTHOR="S. Fukuda and H. Hirosawa", 
	TITLE="Wavelet-based speckle reduction in synthetic aperture radar images",
	JOURNAL="Electronics and Communications in Japan",
	VOLUME="80",
	NUMBER="3",
	MONTH="September",
	YEAR="1997",
	PAGES="29--36"
}

@INPROCEEDINGS{kangLeeHong,
	AUTHOR="S. C. Kang and S. M. Lee and S. H. Hong",
	TITLE="Noise reduction of echocardiographic images using wavelet filtering",
	BOOKTITLE="Proc. of ICSP`98",
	VOLUME="1",
	ADDRESS="Beijing, China",
	MONTH="October",
	PAGES="267--270",
	YEAR="1998"
}

@ARTICLE{xu94,
	AUTHOR="Y. Xu and J. B. Weaver and D. M. {Healy Jr.} and J. Lu",
	TITLE="Wavelet transform domain filters: A spatially selective noise filtration technique",
	JOURNAL="IEEE Trans. on Image Processing",
	VOLUME="3",
	NUMBER="6",
	MONTH="November",
	YEAR="1994",
	PAGES="747--758"
}

@INPROCEEDINGS{oktemXray,
	AUTHOR="H. {\"{O}}ktem and K. Egiazarian and J. Niittylahti and J. Lemmetti and J. Latvala",
	TITLE="A wavelet based algorithm for simultaneous x-ray image de-noising and enhancement",
	BOOKTITLE="ICICS`99",
	ADDRESS="Singapore",
	MONTH="December",
	YEAR="1999"
}

@INPROCEEDINGS{oktemFilmGrain,
	AUTHOR="R. {\"{O}}ktem and K. Egiazarian",
	TITLE="A transform domain method for filtering film-grain type noise",
	BOOKTITLE="ICASSP`2000",
	ADDRESS="Istanbul, Turkey", 
	YEAR="2000"
}

@ARTICLE{kivanc,
	AUTHOR="M. K. Mih\c{c}ak and I. Kozintsev and K. Ramchandran",
	TITLE="Low-complexity image denoising based on statistical modeling of wavelet coefficients",
	JOURNAL="IEEE Signal Processing Letters",
	VOLUME="6",
	NUMBER="12",
	MONTH="December",
	YEAR="1999",
	PAGES="300--303"
}

@ARTICLE{zhangSURE,
	AUTHOR="X-P. Zhang and M. D. Desai",
	TITLE="Adaptive denoising based on {SURE} risk",
	JOURNAL="IEEE Signal Processing Letters", 
	VOLUME="5",
	NUMBER="10",
	MONTH="October",
	YEAR="1998",
	PAGES="265--267"
}

@ARTICLE{roySimple,
	AUTHOR="M. Roy and V. R. Kumar and B. D. Kulkarni and J. Sanderson and M. Rhodes and M. {van der Stappen}",
	TITLE="Simple denoising algorithm using wavelet transform",
	JOURNAL="AIChE Journal",
	VOLUME="45",
	NUMBER="11",
	YEAR="1999",
	PAGES="2461--2466"
}

@ARTICLE{don95,
	AUTHOR="D. L. Donoho",
	TITLE="Denoising by soft-thresholding",
	JOURNAL="IEEE Trans. Inform. Theory",
	VOLUME="41",
	NUMBER="3",
	MONTH="May", 
	YEAR="1995",
	PAGES="613--627"
}

@ARTICLE{moulinLiu,
	AUTHOR="P. Moulin and J. Liu",
	TITLE="Analysis of multiresolution image denoising schemes using
		generalised {G}aussian and complexity priors",
	JOURNAL="IEEE Trans. Inform. Theory",
	VOLUME="45",
	NUMBER="3",
	MONTH="April", 
	YEAR="1999",
	PAGES="909--919"
}

@INPROCEEDINGS{durand,
	AUTHOR="S. Durand and J. Froment",
	TITLE="Artifact free signal denoising with wavelets",
	BOOKTITLE="Proc. of ICASSP`2001, IEEE 26th Intl. Conf. on Acoustics, Speech, and Signal Processing",
	ADDRESS="Salt Lake City, UT, USA",
	MONTH="May",
	YEAR="2001"
}

@TECHREPORT{coifman,
	AUTHOR="R. R. Coifman and D. L. Donoho",
	TITLE="Translation-invariant de-noising",
	INSTITUTION="Stanford University, Department of Statistics",
	YEAR="1995",
}

@INPROCEEDINGS{choi,
	AUTHOR="H. Choi and J. K. Romberg and R. G. Baraniuk and N. G. Kingsbury",
	TITLE="Hidden markov tree modeling of complex wavelet transforms",
	BOOKTITLE="ICASSP`2000, IEEE Intl. Conf. on Acoustics, Speech and Signal Processing",
	YEAR="2000",
	ADDRESS="Istanbul, Turkey",
	MONTH="June"
}

@INPROCEEDINGS{kings,
	AUTHOR="N. Kingsbury and J. Magarey",
	TITLE="Wavelet transforms in image processing",
	BOOKTITLE="Signal Processing and Prediction I, EURASIP",
	PUBLISHER="ICT Press",
	YEAR="1997",
	PAGES="23--34"
}

@INPROCEEDINGS{holdschneider89,
	AUTHOR="M. Holdschneider and R. Kronland-Martinet and J. Morlet and Ph. Tchamitchian",
	TITLE="A real-time algorithm for signal analysis with the help of the wavelet transform",
	BOOKTITLE="Wavelets",
	EDITOR="J. M. Combes and A. Grossmann and Ph. Tchamitchian",
	PUBLISHER="Springer-Verlag (Berlin)",
	YEAR="1989",
	PAGES="286--297"
}
	
@ARTICLE{stark95,
	AUTHOR="J. L. Stark and F. Murtagh and A. Bijaoui",
	TITLE="Multiresolutional support applied to image filtering and restoration",
	JOURNAL="Graphical Models and Image Processing: GMIP",
	VOLUME="57",
	NUMBER="5",
	PAGES="420--431",
	YEAR="1995"
}

@ARTICLE{shensa1992,
	AUTHOR="M. J. Shensa",
	TITLE="The discrete wavelet transform: Wedding the \emph{\`a trous} and {M}allat algorithms",
	JOURNAL="IEEE Trans. on Signal Processing",
	VOLUME="40",
	NUMBER="10",
	YEAR="1992",
	MONTH="October",
	PAGES="2464--2482"
}

@ARTICLE{zong98,
	AUTHOR="X. Zong and A. F. Laine and E. A. Geiser",
	TITLE="Speckle reduction and contrast enhancement of echocardiograms via multiscale nonlinear processing",
	JOURNAL="IEEE Trans. on Medical Imaging",
	VOLUME="17",
	NUMBER="4",
	YEAR="1998",
	PAGES="532--540"
}

@ARTICLE{jim2001,
	AUTHOR="A. R. Jim\'enez and R. Ceres and J. L. Pons",
	TITLE="A new adaptive filter and quality evaluation index for image restoration",
	JOURNAL="Elsevier: Pattern Recognition",
	VOLUME="34",
	NUMBER="2",
	YEAR="2001",
	PAGES="457--467"
}

@INPROCEEDINGS{petit99,
	AUTHOR="M. Kutter and F. A. P. Petitcolas",
	TITLE="A fair benchmark for image watermarking systems",
	BOOKTITLE="Security and Watermarking of Multimedia Contents",
	PUBLISHER="SPIE",
	VOLUME="3657",
	ADDRESS="San Jose, CA, USA",
	MONTH="January",
	YEAR="1999",
	EDITOR="P. W. Wong and E. J. Delp",
	PAGES="226--239"	
}

@INPROCEEDINGS{octalis,
	AUTHOR="L. Piron and M. Arnold and M. Kutter and W. Funk and J. M. Boucqueau and F. Craven",
	TITLE="{OCTALIS} benchmarking: Comparison of four watermarking techniques",
	BOOKTITLE="Security and Watermarking of Multimedia Contents",
	PUBLISHER="SPIE",
	VOLUME="3657",
        ADDRESS="San Jose, CA, USA",
        MONTH="January",
        YEAR="1999",
        EDITOR="P. W. Wong and E. J. Delp",
	PAGES="240--250"
}

@ARTICLE{volo2nd,
	AUTHOR="S. Voloshynovskiy and S. Pereira and V. Iquise and T. Pun",	
	TITLE="Attack modelling: Towards a second generation watermarking benchmark",
	JOURNAL="Elsevier: Signal Processing",
	VOLUME="80",
	NUMBER="6",
	MONTH="May",
	YEAR="2001",
	PAGES="1177--1214"
}

@INPROCEEDINGS{chenwat,
	AUTHOR="J. Chen and T. N. Pappas",
	TITLE="Perceptual coders and perceptual metrics",
	BOOKTITLE="Human Vision and Electronic Imaging VI",
	VOLUME="4299",
	ADDRESS="San Jose, CA, USA",
	MONTH="January",
	PUBLISHER="SPIE",
	PAGES="150--162",
	YEAR="2001"
}

@INPROCEEDINGS{rodwat,
	AUTHOR="T. F. Rodriguez and D. A. Cushman",
	TITLE="Optimized selection of benchmark test parameters for image watermark
		algorithms based on {T}aguchi methods and corresponding influence on
		design decisions for real-world applications",
	BOOKTITLE="Security and Watermarking of Multimedia Contents V",
	VOLUME="5020",
	ADDRESS="Santa Clara, CA, USA",
	MONTH="June",
	PUBLISHER="SPIE",
	PAGES="215--228",
	YEAR="2003"
}

@INPROCEEDINGS{planwat,
	AUTHOR="B. Planitz and A. Maeder",
	TITLE="Medical image watermarking: {A} study on image degradation",
	BOOKTITLE="Proceedings of the Australian Pattern Recognition Society,
		Workshop on Digital Image Computing",
	ADDRESS="Brisbane, Australia",
	MONTH="February",
	YEAR="2005",
	PAGES="3--8"
}

@INPROCEEDINGS{peterwat,
	AUTHOR="H. A. Peterson and H. Peng and W. B. Pennebaker",
	TITLE="Quantization of color image components in the {DCT} domain",
	BOOKTITLE="Human Vision, Visual Processing and Digital Display II",
	VOLUME="1453",
	PUBLISHER="SPIE",
	PAGES="210--222",
	ADDRESS="San Jose, CA, USA",
	MONTH="February",
	YEAR="1991"
}

@INPROCEEDINGS{ahuwat,
	AUTHOR="A. J. Ahumada and H. A. Peterson",
	TITLE="Luminance model-based {DCT} quantization for color image compression",
	BOOKTITLE="Human vision, Visual Processing and Digital Display III",
	VOLUME="1666",
	PUBLISHER="SPIE",
	MONTH="February",
	ADDRESS="San Jose, CA, USA",
	PAGES="365--374",
	YEAR="1992"
}


@MISC{kutterPHD,
	AUTHOR="M. Kutter",
	TITLE="\emph{Digital image watermarking: Hiding information in images}",
	NOTE="Ph.D. thesis, EPFL, Lausanne, Switzerland, 1999."
}
	

@INPROCEEDINGS{lamb,
	AUTHOR="C. J. van den B. Lambrecht and J. E. Farrell",
	TITLE="Perceptual quality metric for digitally coded color images",
	BOOKTITLE="Proceedings of EUSIPCO",
	ADDRESS="Trieste, Italy",
	MONTH="September",
	YEAR="1996",
	PAGES="1175--1178"
}

@INPROCEEDINGS{watsonmetric,
	AUTHOR="A. B. Watson",
	TITLE="{DCT} quantization matrices visually optimized for individual images",
	BOOKTITLE="Human Vision, Visual Processing, and Digital Display IV",
	VOLUME="1913",
	PUBLISHER="SPIE",
	EDITOR="J. P. Allebach and B. E. Rogowitz",
	ADDRESS="San Jose, CA, USA",
	MONTH="February",
	YEAR="1993",
	PAGES="202--206"
}
	
@MISC{checkmark,
	TITLE="Checkmark benchmarking project [online]",
	NOTE="Available from World Wide Web (date accessed: December, 2004):
		\begin{footnotesize}http://watermarking.unige.ch/Checkmark/\end{footnotesize}"
}

@INPROCEEDINGS{meerAtt,
	AUTHOR="P. Meerwald and S. Pereira",
	TITLE="Attacks, applications and evaluation of known watermarking algorithms with Checkmark",
	BOOKTITLE="Electronic Imaging, Conference on Security and Watermarking of Multimedia Contents IV",
	VOLUME="4675",
	ADDRESS="San Jose, CA, USA",
	MONTH="January",
	PUBLISHER="SPIE",
	PAGES="21--24",
	YEAR="2002"
}

@ARTICLE{lee94,
	AUTHOR="J. S. Lee and I. Jurkevich and P. Dewaele and P. Wambacq and A. Oosterlinck",
	TITLE="Speckle filtering of synthetic aperture radar images: A review",
	JOURNAL="Remote Sensing Reviews",
	VOLUME="8",
	YEAR="1994",
	PAGES="313--340"
}

@ARTICLE{cox1,
	AUTHOR="I. J. Cox and J. Kilian and T. Leighton and T. Shamoon",
	TITLE="Secure spread spectrum watermarking for multimedia",
	JOURNAL="IEEE Trans. on Image Processing",
	VOLUME="6",
	NUMBER="12",
	MONTH="December",
	YEAR="1997",
	PAGES="1673--1687"
}

@INPROCEEDINGS{fab1WI,
	AUTHOR="F. A. P. Petitcolas and R. J. Andersona and M. G. Kuhn",
	TITLE="Attacks on copyright marking systems",
	BOOKTITLE="Information Hiding: Second International Workshop",
	YEAR="1998",
	EDITOR="D. Aucsmith",
	PAGES="219--239",
	PUBLISHER="Springer-Verlag",
	ADDRESS="Portland, OR, USA",
	MONTH="April",
	VOLUME="1525",
	SERIES="Lecture Notes in Computer Science (LNCS)"
}
	
@ARTICLE{fab2WI,
	AUTHOR="F. A. P. Petitcolas",
	TITLE="Watermarking schemes evaluation",
	JOURNAL="IEEE Signal Processing",	
	VOLUME="17",
	NUMBER="5",
	Month="September",
	YEAR="2000",
	PAGES="58--64"
}

@ARTICLE{unzignWIPetit,
	AUTHOR="F. A. P. Petitcolas and R. J. Anderson and M. G. Kuhn",
    	TITLE="Information hiding - {A} survey",
    	JOURNAL="Proceedings of the {IEEE}",
    	VOLUME="87",
    	NUMBER="7",
    	PAGES="1062--1078",
    	YEAR="1999"
}


@INPROCEEDINGS{tpunRST1,
	AUTHOR="J. K. \'O Ruanaidh and T. Pun",
	TITLE="Rotation, scale and translation invariant digital image watermarking",
	BOOKTITLE="Proc. {IEEE} Intl. Conf. on Image Processing, ICIP`97",
	ADDRESS="Santa Barbara, CA, USA",
	MONTH="October",
	YEAR="1997",
	PAGES="536--539"
}	

@ARTICLE{tpunRST2,
	AUTHOR="J. K. \'O Ruanaidh and T. Pun",
	TITLE="Rotation, scale and translation invariant spread spectrum digital image watermarking",
	JOURNAL="Signal Processing",
	VOLUME="66",
	NUMBER="3",
	PAGES="303--317",
	MONTH="May",
	YEAR="1998"
}

@INPROCEEDINGS{tpunRST3,
	AUTHOR="S. Pereira and J. K. \'O Ruanaidh and F. Deguillaume and T. Pun",
	TITLE="Template based recovery of {F}ourier-based watermarks using log-polar and log-log maps",
	BOOKTITLE="Proc. {IEEE} Intl. Conf. on Multimedia Computing Systems, ICMCS`99",
	ADDRESS="Florence, Italy",
	MONTH="June",
	YEAR="1999",
	PAGES="870--874"
}
	
@INPROCEEDINGS{tpunRST4,
	AUTHOR="F. Deguillaume and S. Voloshynovskiy and T. Pun",
	TITLE="A method for the estimation and recovering from general affine transforms
		in digital watermarking applications",
	BOOKTITLE="Proc. of {SPIE} Photonics West, Electronics Imaging 2002, Security and Watermarking of Multimedia
	       Contents IV",
	MONTH="January",
	YEAR="2002",
	ADDRESS="San Jose, CA, USA"
}

@INPROCEEDINGS{wangRST,
	AUTHOR="Y. Wang and J. F. Doherty and R. E. Van Dyke",
	TITLE="A rotation, scaling and translation resilient image watermarking algorithm using circular 
		{G}aussian filters", 
	BOOKTITLE="IEEE-EURASIP Workshop on 
		Nonlinear Signal and Image Processing",
	MONTH="June",
	YEAR="2001",
	ADDRESS="Baltimore, MD, USA"
}

@ARTICLE{linRST,
	AUTHOR="C-Y. Lin and M. Wu and J. A. Bloom and I. J. Cox and M. L. Miller and Y. M. Lui",
	TITLE="Rotation, scale and translation resilient watermarking for images",
	JOURNAL="IEEE Trans. on Image Processing",
	VOLUME="10",
	NUMBER="5",
	MONTH="May",
	YEAR="2001",
	PAGES="767--782"
}

@INPROCEEDINGS{senRST,
	AUTHOR="H. T. Sencar and M. Ramkumar and A. N. Akansu",
	TITLE="A robust {T}ype-{III} data hiding technique against cropping and resizing attacks",
	BOOKTITLE="IEEE Intl. Symposium on Circuits and Systems, ISCAS`2002",
	ADDRESS="Scottsdale, AZ, USA",
	MONTH="May",
	YEAR="2002",
	VOLUME="2",
	PAGES="444--447"
}
	
@INPROCEEDINGS{ozerRST,
	TITLE="A new methodology for detection of watermarks in geometrically distorted images",
	AUTHOR="I. B. Ozer and M. Ramkumar and A. N. Akansu",
	BOOKTITLE="IEEE Intl. Conf. on Acoustics, Speech and Signal Processing, ICASSP`2000",
	VOLUME="IV",
	PAGES="1963--1966",
	MONTH="June",
	YEAR="2000"
}

@INPROCEEDINGS{patrickBasRST,
	AUTHOR="P. Bas and J-M. Chassery",
	TITLE="Robust watermarking based on the warping of pre-defined triangular patterns",
	BOOKTITLE="Proc. of {SPIE}, Electronics Imaging 2000, Security and Watermarking of Multimedia
	       Contents II",
	YEAR="2000",
	ADDRESS="San Jose, CA, USA",
	PAGES="99--109"
}


@INPROCEEDINGS{voloGreece2001,
	AUTHOR="S. Voloshynovskiy and F. Deguillaume and T. Pun",
	TITLE="Multibit digital watermarking robust against nonlinear geometrical distortions",
	BOOKTITLE="Proc. {IEEE} Intl. Conf. on Image Processing, ICIP`2001",
	ADDRESS="Thessaloniki, Greece",
	MONTH="October",
	YEAR="2001",
	PAGES="999--1002"
}

@INPROCEEDINGS{dugadDI,
	AUTHOR="R. Dugad and K. Ratakonda and N. Ahuja",
	TITLE="A new wavelet-based scheme for watermarking images",
	BOOKTITLE="Proc. {IEEE} Intl. Conf. on Image Processing, ICIP`98",
	ADDRESS="Chicago, IL, USA",
	MONTH="October",
	YEAR="1998",
	PAGES="419--423"
}	

@INPROCEEDINGS{pivaDI,
	AUTHOR="A. Piva and M. Barni and F. Bartolini and V. Cappellini",
	TITLE="{DCT}-based watermark recovering without resorting to the uncorrupted original image",
	BOOKTITLE="Proc. {IEEE} Intl. Conf. on Image Processing, ICIP`97",
	VOLUME="III",
	YEAR="1997",
	PAGES="520--523"
}

@ARTICLE{inoueDI,
	AUTHOR="H. Inoue and A. Miyazaki and A. Yamamoto and T. Katsura",
	TITLE="A digital watermarking technique based on the wavelet transform and 
		its robustness on image compression and transformation",
	JOURNAL="IEICE Trans., Special Section on Cryptography and Information Security",
	VOLUME="E82--A",
	NUMBER="1",
	MONTH="January",
	YEAR="1999",
	PAGES="2--10"
}

@INPROCEEDINGS{mayacheDI,
	AUTHOR="A. Mayache and T. Eude and H. Cherefi",
	TITLE="A comparison of image quality models and metrics based on human visual sensitivity",
	BOOKTITLE="Proc. {IEEE} Intl. Conf. on Image Processing, ICIP`98",
	ADDRESS="Chicago, IL, USA",
	MONTH="October",
	YEAR="1998",
	PAGES="409--413"
}

@INPROCEEDINGS{ChkMrk:pereiraDI,
	AUTHOR="S. Pereira and S. Voloshynovskiy and M. Madue{\~{n}}o and S. Marchand-Maillet and T. Pun",
	TITLE="Second generation benchmarking and application oriented evaluation",
	BOOKTITLE="Information Hiding Workshop",
	ADDRESS="Pittsburgh, PA, USA",
	MONTH="April",
	YEAR="2001",
	PAGES="340--353"
}

@INPROCEEDINGS{kundurPfpDI,
	AUTHOR="D. Kundur and D. Hatzinakos",
	TITLE="Digital watermarking using multiresolution wavelet decomposition",
	BOOKTITLE="IEEE ICASSP`98",
	VOLUME="5",
	ADDRESS="Seattle, WA, USA",
	MONTH="May",
	YEAR="1998",
	PAGES="2659--2662"
}

@BOOK{ECCb4:book,
	AUTHOR="S. Katzenbeisser and F. A. P. Petitcolas",
	TITLE="Information hiding: Techniques for steganography and digital watermarking",
	PUBLISHER="Artech House Books",
	YEAR="1999"
}

@ARTICLE{ECCb4:darm1,
	AUTHOR="V. Darmstaedter and J-F. Delaigle and J. J. Quisquater and B. Macq",
	TITLE="Low cost spatial watermarking",
	JOURNAL="Computers \& Graphics",
	VOLUME="22",
	NUMBER="4",
	YEAR="1998",
	PAGES="417--424"
}

@INPROCEEDINGS{ECCb4:darm2,
	AUTHOR="V. Darmstaedter and J-F. Delaigle and J. J. Quisquater and B. Macq",
	TITLE="Low cost watermarking technique optimized by tests in real conditions and simulations",
	BOOKTITLE="ECMAST`98, European Conference on Multimedia Applications Services and Techniques",
	ADDRESS="Berlin, Germany",
	MONTH="May",
	YEAR="1998",
	PAGES="190--206"
}

@ARTICLE{ECCb4:lee,
	AUTHOR="J. Lee and C. S. Won",
	TITLE="A watermarking sequence using parities of error control coding for image authentication and correction",
	JOURNAL="IEEE Transactions on Consumer Electronics",
	VOLUME="46",
	NUMBER="2",
	MONTH="May",
	YEAR="2000",
	PAGES="313--317"
}

@INPROCEEDINGS{ECCb4:marvel1,
	AUTHOR="L. M. Marvel and C. G. {Bonclet Jr.} and C. T. Retter",
	TITLE="Reliable blind information hiding for images",
	BOOKTITLE="Proceedings of the Second International Workshop on Information Hiding",
	VOLUME="1525",
	SERIES="Lecture Notes in Computer Science (LNCS)",
	PUBLISHER="Springer-Verlag",
	YEAR="1998",
	PAGES="48--61"
}
	
@ARTICLE{ECCb4:marvel2,
	AUTHOR="L. M. Marvel and C. G. {Bonclet Jr.} and C. T. Retter",
	TITLE="Spread spectrum image steganography",
	JOURNAL="IEEE Trans. on Image Processing",
	VOLUME="8",
	NUMBER="8",
	MONTH="August",
	YEAR="1999",
	PAGES="1075--1083"
}

@INPROCEEDINGS{ECCb4:marvel3,
	AUTHOR="L. M. Marvel and C. T. Retter and C. G. {Bonclet Jr..}",
	TITLE="Hiding information in images",
	BOOKTITLE="Proc. {IEEE} Intl. Conf. on Image Processing, ICIP`98",
	VOLUME="2",
	ADDRESS="Chicago, IL, USA",
	MONTH="October",
	YEAR="1998",
	PAGES="396--398"
}

@INPROCEEDINGS{ECCb4:marvel4,
	AUTHOR="L. M. Marvel and C. G. {Bonclet Jr.} and C. T. Retter",
	TITLE="A methodology for data hiding using images",
	BOOKTITLE="Military Communications Conference - MILCOM`98",
	VOLUME="3",
	YEAR="1998",
	PAGES="1044--1047"
}

@ARTICLE{ECCb4:walton,
	AUTHOR="S. Walton",
	TITLE="Image authentication for a slippery new age",
	JOURNAL="Dr. Dobb's Journal",
	VOLUME="20",
	MONTH="April",
	YEAR="1995",
	PAGES="18--26"
}

@INPROCEEDINGS{ECCb4:wang,
	AUTHOR="J. Z. Wang and G. Wiederhold",
	TITLE="Wave{M}ark: Digital image watermarking using {D}aubechies' wavelets and error correcting coding",
	BOOKTITLE="Proceedings of SPIE",
	VOLUME="3528",
	MONTH="November",
	YEAR="1998",
	PAGES="432--439"
}

@INPROCEEDINGS{ECCb4:herr,
	AUTHOR="A. Herrigel and J. K. \'O Ruanaidh and H. Petersen and S. Pereira and T. Pun",
	TITLE="Secure copyright protection techniques for digital images",
	BOOKTITLE="Information Hiding",
	EDITOR="D. Aucsmith",
	SERIES="Lecture Notes in Computer Science (LNCS)",
	VOLUME="1525",
	PUBLISHER="Springer-Verlag (Berlin)",
	YEAR="1998",
	PAGES="169--190"
}

@INPROCEEDINGS{ECCb4:fpga,
	AUTHOR="J. Lach and W. H. Mangione-Smith and M. Potkonjak",
	TITLE="Signature hiding techniques for {FPGA} intellectual property protection",
	BOOKTITLE="Proc. IEEE Intl. Conf. on Computer Aided Design",
	MONTH="November",
	YEAR="1998",
	PAGES="194--198"
}

@ARTICLE{ECCb4:th1,
	AUTHOR="F. Perez-Gonz\'alez and J. R. Hern\'andez and F. Balado",
	TITLE="Approaching the capacity limit in image watermarking:
		A perspective on coding techniques for data hiding applications",
	JOURNAL="Elsevier: Signal Processing",
	VOLUME="81",
	NUMBER="6",
	MONTH="June",
	YEAR="2001",
	PAGES="1215--1238"
}

@INPROCEEDINGS{ECCb4:th3,
	AUTHOR="J. R. Hern\'andez and F. Perez-Gonz\'alez and J. M. Rodr\'{\i}guez",
	TITLE="Coding and synchronization: A boost and a bottleneck for the development of image watermarking",
	BOOKTITLE="Proc. of the COST \#254 Intl. Workshop on Intelligent Comms.",
	ADDRESS="L'Aquila, Italy",
	MONTH="June",
	YEAR="1998",
	PAGES="77--82"
}

@INPROCEEDINGS{ECCb4:th4,
	AUTHOR="J. R. Hern\'andez and F. Perez-Gonz\'alez and J. M. Rodr\'{\i}guez",
	TITLE="The impact of channel coding on the performance of spatial watermarking for copyright protection",
	BOOKTITLE="Proc. ICASSP`98",
	VOLUME="5",
	ADDRESS="Seattle, WA, USA",
	MONTH="May",
	YEAR="1998",
	PAGES="2973--2976"
}

@ARTICLE{ECCb4:th5,
	AUTHOR="J. R. Hern\'andez and J. M. Rodr\'{\i}guez and F. Perez-Gonz\'alez",
	TITLE="Improving the performance of spatial watermarking of images using channel coding",
	JOURNAL="Elsevier: Signal Processing",
	VOLUME="80",
	NUMBER="70",
	MONTH="July",
	YEAR="2000",
	PAGES="1261--1279"
}

@INPROCEEDINGS{ECCb4:th6,
	AUTHOR="J. R. Hern\'andez and J-F. Delaigle and B. Macq",
	TITLE="Improving data hiding by using convolutional codes and soft-decision decoding",
	BOOKTITLE="Security and Watermarking of Multimedia Contents II",
	ADDRESS="San Jose, CA, USA",
	MONTH="January",
	YEAR="2000",
	PUBLISHER="SPIE",
	PAGES="24--48"
}

@INPROCEEDINGS{ECCb4:fab2,
	AUTHOR="F. A. P. Petitcolas and R. J. Anderson",
	TITLE="Evaluation of copyright marking systems",
	BOOKTITLE="Proceedings of IEEE Multimedia Systems, ICMCS`99",
	VOLUME="1",
	MONTH="June",
	YEAR="1999",
	ADDRESS="Florence, Italy",
	PAGES="574--579"
}

@INPROCEEDINGS{ECCb4:lang,
	AUTHOR="G. C. Langelaar and R. L. Lagendijk and J. Biemond",
	TITLE="Watermarking by {DCT} coefficient removal: A statistical approach to optimal parameter settings",
	BOOKTITLE="Proc. SPIE",
	VOLUME="3657",
	YEAR="1999",
	PAGES="2--13"
}

@INPROCEEDINGS{ECCb4:egg1,
	AUTHOR="J. J. Eggers and J. K. Su and B. Girod",
	TITLE="Robustness of a blind image watermarking scheme",
	BOOKTITLE="IEEE Intl. Conf. on Image Processing, ICIP`2000",
	ADDRESS="Vancouver, Canada",
	MONTH="September",
	YEAR="2000",
	PAGES="17--20",
}

@MISC{ECCb4:egg2wmorg,
	AUTHOR="J. Su",
	TITLE="Blind watermarks",
	HOWPUBLISHED="Website: \emph{{W}atermarking{W}orld} mailing list archive",
	YEAR="2001",
	MONTH="April",
	NOTE="\begin{footnotesize}\\ http://www.watermarkingworld.org/WMMLArchive/0104/index.html\end{footnotesize}"
}

@INPROCEEDINGS{ECCb4:volo,
	AUTHOR="S. Voloshynovskiy and F. Deguillaume and T. Pun",
	TITLE="Content adaptive watermarking based on a stochastic multiresolution image modeling",
	BOOKTITLE="Tenth European Signal Processing Conference, EUSIPCO`2000",
	ADDRESS="Tampere, Finland",
	MONTH="September",
	YEAR="2000",
}

@INPROCEEDINGS{ECCb4:huang,
	AUTHOR="J. Huang and T. Yue and L. Chen",
	TITLE="Image watermarking using 2-{D} watermark",
	BOOKTITLE="Second Intl. Conf. on Information, Communications and Signal Processing, ICICS`99",
	PUBLISHER="Nanyang Technological University",
	ADDRESS="Singapore",
	YEAR="1999"
}

@INPROCEEDINGS{ECCb4:ferr,
	AUTHOR="J. Domingo-Ferrer and J. Herrera-Joancomart\'{\i}",
	TITLE="Simple collusion-secure fingerprinting schemes for images",
	BOOKTITLE="IEEE Intl. Conf. on Information Technology: Coding and Computing, ITCC`2000",
	PAGES="128--132",
	YEAR="2000"
}

@BOOK{BKX:bchPlessBk,
	AUTHOR="V. Pless",
	TITLE="Introduction to the theory of error-correcting codes",
	PUBLISHER="Wiley (New York)",
	YEAR="1989"
}

@INPROCEEDINGS{BKX:bruyn1Pap,
	AUTHOR="O. Bruyndonckx and J. J. Quisquater and B. Macq",
	TITLE="Spatial method for copyright labeling of digital images",
	BOOKTITLE="IEEE Workshop on Nonlinear Signal and Image Processing",
	ADDRESS="Neos Marmaras, Greece",
	YEAR="1995",
	MONTH="June",
	PAGES="456--459"
}

@INPROCEEDINGS{BKX:koch1Pap,
	AUTHOR="E. Koch and J. Zhao",
	TITLE="Towards robust and hidden image copyright labeling",
	BOOKTITLE="IEEE Workshop on Nonlinear Signal and Image Processing",
	ADDRESS="Neos Marmaras, Greece",
	MONTH="June",
	YEAR="1995",
	PAGES="452--455"
}

@INPROCEEDINGS{BKX:xiePap,
	AUTHOR="L. Xie and G. R. Arce",
	TITLE="Joint wavelet compression and authentication watermarking",
	BOOKTITLE="Proc. {IEEE} Intl. Conf. on Image Processing, ICIP`98",
	ADDRESS="Chicago, IL, USA",
	MONTH="October",
	YEAR="1998",
	PAGES="427--431"
}

@INPROCEEDINGS{BKX:shinPIM,
	AUTHOR="J-W. Shin and D-S. Jeong",
	TITLE="A new watermarking method using entropy-based region segmentation",
	BOOKTITLE="Proc. of SPIE",
	VOLUME="3528",
	YEAR="1999",
	PAGES="531--538"
}

@ARTICLE{BK:baudryPaper,
	AUTHOR="S. Baudry and J-F. Delaigle and B. Sankur and B. Macq and H. Maitre",
	TITLE="Analyses of error correction strategies for typical communication channels in watermarking",
	JOURNAL="Elsevier: Signal Processing",
	VOLUME="81",
	NUMBER="6",
	MONTH="June",
	YEAR="2001",
	PAGES="1239--1250"
}


@MISC{M_ZCONC,
	AUTHOR="R. Morelos-Zaragoza",
	TITLE="{BCH} codes - {T}he {E}rror {C}orrecting {C}odes ({ECC}) Page [online]",
	NOTE="Available from World Wide Web (date accessed: December, 2004):
		\begin{footnotesize}\\http://www.eccpage.com/bch3.c\end{footnotesize}"
}

@INPROCEEDINGS{mc_frid2,
	AUTHOR="J. Fridrich",
	TITLE="Combining low-frequency and spread spectrum watermarking",
	BOOKTITLE="Symposium on Optical Science, Engineering and Instrumentation",
	PUBLISHER="SPIE",
	ADDRESS="San Diego, CA, USA",
	MONTH="July",
	YEAR="1998"
}

@INPROCEEDINGS{koch2,
	AUTHOR="J. Zhao and E. Koch",
	TITLE="Embedding robust labels into images for copyright protection",
	BOOKTITLE="Proceedings of the International Congress on Intellectual Property Rights for Specialized
		Information, Knowledge and new Technologies",
	ADDRESS="Vienna, Austria",
	MONTH="August",
	YEAR="1995",
	PAGES="242--251"
}

@MISC{netBchIntro,
	AUTHOR="T. Rosenquist",
	TITLE="An introduction to error correcting codes [online]",
	NOTE="Available from World Wide Web (date accessed: 2002):
		\begin{footnotesize}\\http://web.syr.edu/\~{ }rrosenqu/ecc/main.htm\end{footnotesize}"
}

@BOOK{jpgBook,
	AUTHOR="W. B. Pennebaker and J. L. Mitchell",
	TITLE="JPEG still image compression standard",
	PUBLISHER="Van Nostrand Reinhold (New York)",
	YEAR="1993"
}

@ARTICLE{haskell,
	AUTHOR="B. G. Haskell and P. G. Howard and Y. A. LeCun and A. Puri and J. Ostermann and M. R. Civanlar and
		L. R. Rabiner and L. Bottoui and  P. Haffner",
	TITLE="Image and video coding - {E}merging standards and beyond",
	JOURNAL="IEEE Transactions on Circuits and Systems for Video Technology",
	VOLUME="8",
	NUMBER="7",
	MONTH="November",
	YEAR="1998",
	PAGES="814--837"
}

@MISC{matlab,
	TITLE="{MATLAB} [online]",
	NOTE="Available from World Wide Web (date accessed: December, 2004): 
		\begin{footnotesize}http://www.mathworks.com/products/matlab\end{footnotesize}"
}

@MISC{ijg,
	TITLE="Independent {JPEG} Group [online]",
	NOTE="Available from World Wide Web (date accessed: December, 2004):
		\begin{footnotesize}http://www.ijg.org\end{footnotesize}"
}

@INBOOK{pratt,
	AUTHOR="W. K. Pratt",
	TITLE="Digital Image Processing",
	PUBLISHER="Wiley-Interscience",
	YEAR="1978",
	PAGES="330--333"
}

@INPROCEEDINGS{millerBloom,
	AUTHOR="M. L. Miller and J. A. Bloom",
	TITLE="Computing the probability of false watermark detection",
	BOOKTITLE="Proceedings of the Third International Workshop on Information Hiding",
	YEAR="1999",
	PAGES="146--158"
}
	
@MISC{wmWorld,
	TITLE="\emph{{W}atermarking{W}orld} mailing list archive [online]",
	NOTE="Available from World Wide Web (date accessed: December, 2004):
		\begin{footnotesize}\\http://www.watermarkingworld.org/archive.html\end{footnotesize}"
}


@ARTICLE{lang96,
	AUTHOR="M. Lang and H. Guo and J. E. Odegard and C. S. Burrus and R. O. {Wells Jr..}",
	TITLE="Noise reduction using an undecimated discrete wavelet transform",
	JOURNAL="IEEE Signal Processing Letters",
	VOLUME="3",
	NUMBER="1",
	MONTH="January",
	YEAR="1996",
	PAGES="10--12"
}

@INPROCEEDINGS{morehart,
	AUTHOR="M. Morehart and F. Murtagh and J. L. Stark",
	TITLE="Multiresolution spatial analysis",
	BOOKTITLE="Proc. of the 4th Intl. Conf. on GeoComputation",
	YEAR="1999"
}

@INPROCEEDINGS{hermiston99,
	AUTHOR="K. J. Hermiston and D. M. Booth",
	TITLE="Image quality measurement using integer wavelet transformations",
	BOOKTITLE="Proc. {IEEE} Intl. Conf. on Image Processing, ICIP`99",
	ADDRESS="Kobe, Japan",
	MONTH="October",
	YEAR="1999",
	VOLUME="2"
}

@INPROCEEDINGS{janssen2001,
	AUTHOR="T. J. W. M. Janssen",
	TITLE="Understanding image quality",
	BOOKTITLE="Proc. {IEEE} Intl. Conf. on Image Processing, ICIP`2001",
	ADDRESS="Thessaloniki, Greece",
	MONTH="October",
	YEAR="2001",
	VOLUME="2"
}

@INPROCEEDINGS{ridder2001,
	AUTHOR="H. Ridder",
	TITLE="Image processing and the problem of quantifying image quality",
	BOOKTITLE="Proc. {IEEE} Intl. Conf. on Image Processing, ICIP`2001",
	ADDRESS="Thessaloniki, Greece",
	MONTH="October",
	YEAR="2001",
	VOLUME="2"
}


@ARTICLE{lambSpIs98,
	AUTHOR="C. J. van den B. Lambrecht (Ed.)",
	TITLE="Special issue on image and video quality metrics",
	JOURNAL="Elsevier: Signal Processing",
	VOLUME="70",
	NUMBER="3",
	MONTH="October",
	YEAR="1998",
}

@ARTICLE{wangIQ2004,
	AUTHOR="Z. Wang and A. C. Bovik and H. R. Sheikh and E. P. Simoncelli",	
	TITLE="Image quality assessment: From error visibility to structural similarity",
	JOURNAL="IEEE Trans. on Image Processing",
	VOLUME="13",
	MONTH="April",
	YEAR="2004",
	PAGES="600--612"
}

@ARTICLE{avicbas2003,
	AUTHOR="\.{I}. Avicba\c{s} and N. Memon and B. Sankur",	
	TITLE="Steganalysis using image quality metrics",
	JOURNAL="IEEE Trans. on Image Processing",
	VOLUME="12",
	MONTH="February",
	YEAR="2003",
	PAGES="221--229"
}	

@ARTICLE{rocChak92,
	AUTHOR="D. P. Chakraborty",
	TITLE="Observer performance methodology in medical imaging",
	JOURNAL="Phys. Med. Biol.",
	VOLUME="37",	
	NUMBER="7",
	YEAR="1992",
	PAGES="1433--1476"
}

@ARTICLE{rocErk98,
	AUTHOR="A. R. van Erkel",
	TITLE="Receiver operating characteristic ({ROC}) analysis: Basic principles and applications in radiology",
	JOURNAL="European Journal of Radiology",
	VOLUME="27",
	PAGES="88--94",
	YEAR="1998"
}

@ARTICLE{BKX:changPIM,
        AUTHOR="S. K. Chang and S. H. Liu",
        TITLE="Picture indexing and abstraction techniques for pictorial databases",
        JOURNAL="IEEE Trans.on Pattern Analysis and Machine Intelligence (PAMI)",
        VOLUME="6",
        NUMBER="4",
        MONTH="July",
        YEAR="1984",
        PAGES="475--484"
}

@ARTICLE{hsu98,
	AUTHOR="C. T. Hsu and J. L. Wu",
	TITLE="Multiresolution watermarking for digital images",
	JOURNAL="IEEE Trans. on Circuits and Systems II",
	VOLUME="45",
	NUMBER="8",
	MONTH="August",
	YEAR="1998",
	PAGES="1097--1101"
}

@ARTICLE{xia98,
	AUTHOR="X. G. Xia and C. G. Boncelet and G. R. Arce",
	TITLE="Wavelet transform based watermarking for digital images",
	JOURNAL="Optics Express",
	VOLUME="3",
	NUMBER="12",
	MONTH="December",
	YEAR="1998",
	PAGES="497--511"
}
