@PHDTHESIS{msp05,
	AUTHOR="M. S. Prieto",
	TITLE="A system for embedded machine vision using {FPGA}s and neural networks",
	SCHOOL="Department of Engineering, University of Aberdeen, Scotland, UK",
	YEAR="2005",
	MONTH="December",
}

@INPROCEEDINGS{johnson02,
	AUTHOR="D. Johnson and K. Gribbon and D. Bailey and S. Demidenko",
	TITLE="Implementing Signal Processing Algorithms in {FPGA}s: Digital Spectral Warping",
       	BOOKTITLE="Proc. of the ninth Electronics New Zealand Conference, ENZCon`02",
	ADDRESS="Dunedin, New Zealand",
	MONTH="November",
	YEAR="2002",
	PAGES="72--74"
}

@ARTICLE{bouri99,
        AUTHOR="A. Bouridane and D. Crookes and P. Donachy and K. Alotaibi and K. Benkrid",
        TITLE="A high level {FPGA}-based abstract machine for image processing",
        JOURNAL="Journal of Systems Architecture ",
        VOLUME="45",
        YEAR="1999",
        PAGES="809--824"
}

@ARTICLE{crookes99,
        JOURNAL="Journal of Systems Architecture",
        TITLE="Architectures for high performance image processing: The future",
	AUTHOR="D. Crookes",
        VOLUME="45",
        YEAR="1999",
        PAGES="739--748"
}

@INPROCEEDINGS{benkrid2000,
	AUTHOR="K. Benkrid and D. Crookes and J. Smith and A. Benkrid",
	TITLE="High level programming for real time {FPGA} based video processing",
       	BOOKTITLE="Intl. Conf. on Acoustics, Speech, and Signal Processing, ICASSP`2000",
	ADDRESS="Istanbul, Turkey",
	MONTH="June",
	YEAR="2000",
	PAGES="3227--3230",
	VOLUME="6"
}

@MISC{modelsim,
	TITLE="Model{S}im 6.2",
	HOWPUBLISHED="Mentor Graphics Corporation",
	NOTE="\begin{footnotesize}\\ http://www.model.com\end{footnotesize} (date accessed: 9\textsuperscript{th} Dec. 2008)"
}

@ARTICLE{batlle2002,
	AUTHOR="J. Batlle and J. Mart\'{i} and P. Ridao and J. Amat",
        JOURNAL="Real-Time Imaging",
        TITLE="A new {FPGA/DSP}-based parallel architecture for real-time image processing",
        VOLUME="8",
        YEAR="2002",
        PAGES="345--356"
}

@ARTICLE{kessal2003,
	AUTHOR="L. Kessal and N. Abel and D. Demigny",
        JOURNAL="Real-Time Imaging",
        TITLE="Real-time image processing with dynamically reconfigurable architecture",
        VOLUME="9",
        YEAR="2003",
        PAGES="297--313"
}

@INPROCEEDINGS{mcbader2003,
	AUTHOR="S. McBader and P. Lee",
	TITLE="An {FPGA} implementation of a flexible, parallel image processing architecture suitable for embedded vision systems",
       	BOOKTITLE="IEEE International Parallel and Distributed Processing Symposium (IPDPS'03)",
	ADDRESS="Nice, France",
	MONTH="April",
	YEAR="2003",
}

@ARTICLE{canny86,
	AUTHOR="J. Canny",
        JOURNAL="IEEE Trans. on Pattern Recognition and Machine Intelligence",
        TITLE="A computational approach to edge detection",
        VOLUME="8",
	NUMBER="6",
        YEAR="1986",
        PAGES="679--698"
}

@BOOK{russbk,
	AUTHOR="J. C. Russ",
	TITLE="The Image Processing Handbook (Third Edition)",
	PUBLISHER="CRC Press",
	YEAR="1998"
}

@BOOK{zeidbk,
	AUTHOR="B. Zeidman",
	TITLE="Verilog Designer's Library",
	PUBLISHER="Prentice Hall",
	YEAR="1999"
}

@BOOK{bubblebk,
	AUTHOR="D. Knuth",
	TITLE="The Art of Computer Programming, Volume 3: Sorting and Searching (Third Edition)",
	PUBLISHER="Addison-Wesley",
	YEAR="1997"
}

@ARTICLE{oddEvenTran,
	AUTHOR="D. Bitton and D. J. DeWitt and D. K. Hsaio and J. Menon",
        JOURNAL="ACM Computing Surveys",
        TITLE="A taxonomy of parallel sorting",
        VOLUME="16",
	NUMBER="3",
        YEAR="1984",
        PAGES="287--318"
}

@BOOK{thomasVerilog,
	AUTHOR="D. E. Thomas and P. R. Moorby",
	TITLE="The Verilog Hardware Description Language (Fifth Edition)",
	PUBLISHER="Kluwer Academic Publishers",
	YEAR="2002"
}

@MASTERSTHESIS{IPtechreport_MSThesis,
	AUTHOR="V. R. Daggu and M. Venkatesan",
	TITLE="Design and Implementation of an Efficient Reconfigurable Architecture for Image Processing Algorithms using {H}andel-{C}",
	SCHOOL="Department of Electrical and Computer Engineering, University of Nevada, Las Vegas, USA",
	YEAR="2003",
}

@ARTICLE{starkHist,
	AUTHOR="J. A. Stark and W. J. Fitzgerald",
	TITLE="An alternative algorithm for adaptive histogram equalisation",
	JOURNAL="Graphical Models and Image Processing",
	VOLUME="58",
	NUMBER="2",
	PAGES="180--185",
	YEAR="1996"
}

@MISC{wikiHistEq,
	AUTHOR="Wikipedia",
	TITLE="Histogram Equalization",
	HOWPUBLISHED="Website",
	NOTE="\begin{footnotesize}\\http://en.wikipedia.org/Histogram\_equalization\end{footnotesize} (date accessed: 9\textsuperscript{th} Dec. 2008)"
}

@MISC{ryates,
	AUTHOR="R. Yates",
	TITLE="Fixed point arithmetic: An introduction",
	HOWPUBLISHED="Website",
	NOTE="\begin{footnotesize}\\http://www.digitalsignallabs.com/fp.pdf\end{footnotesize} (date accessed: 9\textsuperscript{th} Dec. 2008)"
}

@MISC{jlauha,
	AUTHOR="J. Lauha",
	TITLE="The neglected art of fixed point arithmetic",
	HOWPUBLISHED="Website",
	NOTE="\begin{scriptsize}\\ http://jet.ro/files/The\_neglected\_art\_of\_Fixed\_Point\_arithmetic\_20060913.pdf\end{scriptsize} (date accessed: 9\textsuperscript{th} Dec. 2008)"
}
