@BOOK{bchPlessBk,
        AUTHOR="V. Pless",
        TITLE="Introduction to the theory of error-correcting codes",
        PUBLISHER="Wiley (New York)",
        YEAR="1989"
}

@BOOK{bchLin,
        AUTHOR="S. Lin and D. J. Costello Jr.",
        TITLE="Error control coding",
        PUBLISHER="Prentice Hall, (Second Edition)",
        YEAR="2004"
}


@ARTICLE{marvelPap,
        AUTHOR="L. M. Marvel and C. G. Bonclet Jr. and C. T. Retter",
        TITLE="Spread spectrum image steganography",
        JOURNAL="IEEE Trans. Image Processing",
        VOLUME="8",
        NUMBER="8",
        MONTH="August",
        YEAR="1999",
        PAGES="1075--1083"
}

@INPROCEEDINGS{wangPap,
        AUTHOR="J. Z. Wang and G. Wiederhold",
        TITLE="Wave{M}ark: Digital image watermarking using {D}aubechies' wavelets and error correcting coding",
	BOOKTITLE="Multimedia Systems and Applications",
        PUBLISHER="SPIE",
        VOLUME="3528",
        YEAR="1998",
        PAGES="432--439"
}

@INPROCEEDINGS{herrPap,
        AUTHOR="A. Herrigel and J. K. \'O Ruanaidh and H. Petersen and S. Pereira and T. Pun",
        TITLE="Secure copyright protection techniques for digital images",
        BOOKTITLE="Information Hiding",
        EDITOR="D. Aucsmith",
        SERIES="Lecture Notes in Computer Science (LNCS)",
        VOLUME="1525",
        PUBLISHER="Springer-Verlag (Berlin)",
        YEAR="1998",
        PAGES="169--190"
}

@INPROCEEDINGS{langPap,
        AUTHOR="G. C. Langelaar and R. L. Lagendijk and J. Biemond",
        TITLE="Watermarking by {DCT} coefficient removal: A statistical approach to optimal parameter settings",
	BOOKTITLE="Security and Watermarking of Multimedia Contents",
        PUBLISHER="SPIE",
        VOLUME="3657",
        YEAR="1999",
        PAGES="2--13"
}

@INPROCEEDINGS{egg1Pap,
        AUTHOR="J. J. Eggers and J. K. Su and B. Girod",
        TITLE="Robustness of a blind image watermarking scheme",
        BOOKTITLE="{IEEE} Intl. Conf. Image Processing, ICIP'2000",
        ADDRESS="Vancouver, Canada",
        MONTH="September",
        YEAR="2000",
        PAGES="17--20"
}

@INPROCEEDINGS{th4Pap,
        AUTHOR="J. R. Hern\'andez and F. P-. Gonz\'alez and J. M. Rodr\'{\i}guez",
        TITLE="The impact of channel coding on the performance of spatial watermarking for copyright protection",
        BOOKTITLE="{IEEE} Intl. Conf. Acoustics, Speech and Signal Processing, ICASSP'98",
        VOLUME="5",
        ADDRESS="Seattle, WA, USA",
        MONTH="May",
        YEAR="1998",
        PAGES="2973--2976"
}

@ARTICLE{th5Pap,
        AUTHOR="J. R. Hern\'andez and J. M. Rodr\'{\i}guez and F. P-. Gonz\'alez",
        TITLE="Improving the performance of spatial watermarking of images using channel coding",
        JOURNAL="Signal Processing, Elsevier",
        VOLUME="80",
        NUMBER="70",
        MONTH="July",
        YEAR="2000",
        PAGES="1261--1279"
}

@INPROCEEDINGS{th6Pap,
        AUTHOR="J. R. Hern\'andez and J. -F. Delaigle and B. Macq",
        TITLE="Improving data hiding by using convolutional codes and soft-decision decoding",
	BOOKTITLE="Security and Watermarking of Multimedia Contents II",
        YEAR="2000",
        PUBLISHER="SPIE",
        PAGES="24--48",
	VOLUME="3971"
}

@INPROCEEDINGS{petit99,
        AUTHOR="M. Kutter and F. A. P. Petitcolas",
        TITLE="A fair benchmark for image watermarking systems",
	BOOKTITLE="Security and Watermarking of Multimedia Contents",
        PUBLISHER="SPIE",
        VOLUME="3657",
        YEAR="1999",
        PAGES="226--239"
}

@INPROCEEDINGS{bruyn1Pap,
        AUTHOR="O. Bruyndonckx and J. J. Quisquater and B. Macq",
        TITLE="Spatial method for copyright labeling of digital images",
        BOOKTITLE="IEEE Workshop on Nonlinear Signal and Image Processing",
        ADDRESS="Neos Marmaras, Greece",
        YEAR="1995",
        PAGES="456--459"
}

@INPROCEEDINGS{koch1Pap,
        AUTHOR="E. Koch and J. Zhao",
        TITLE="Towards robust and hidden image copyright labeling",
        BOOKTITLE="IEEE Workshop on Nonlinear Signal and Image Processing",
        ADDRESS="Neos Marmaras, Greece",
        MONTH="June",
        YEAR="1995",
        PAGES="452--455"
}

@INPROCEEDINGS{xiePap,
        AUTHOR="L. Xie and G. R. Arce",
        TITLE="Joint wavelet compression and authentication watermarking",
        BOOKTITLE="{IEEE} Intl. Conf. Image Processing, ICIP'98",
        ADDRESS="Chicago, IL, USA",
        MONTH="October",
        YEAR="1998",
        PAGES="427--431"
}

@MASTERSTHESIS{meerwaldPap,
        AUTHOR="P. Meerwald",
        TITLE="Digital image watermarking in the wavelet transform domain",
        SCHOOL="Department of Scientific Computing, University of Salzburg, Austria",
        YEAR="2001",
        MONTH="January",
        NOTE="Available from World Wide Web (date accessed: August, 2007):
                \begin{footnotesize}\\http://www.cosy.sbg.ac.at/\~{}pmeerw/Watermarking/\end{footnotesize}"
}

@INPROCEEDINGS{watson1Pap,
        AUTHOR="A. B. Watson",
        TITLE="{DCT} quantization matrices visually optimized for individual images",
	BOOKTITLE="Human Vision, Visual Processing and Digital Display IV",
        VOLUME="1913",
        PUBLISHER="SPIE",
        YEAR="1993",
        PAGES="202--206"
}

@INPROCEEDINGS{watson2Pap,
        AUTHOR="A. Mayache and T. Eude and H. Cherefi",
        TITLE="A comparison of image quality models and metrics based on human visual sensitivity",
        BOOKTITLE="{IEEE} Intl. Conf. Image Processing, ICIP'98",
        ADDRESS="Chicago, IL, USA",
        MONTH="October",
        YEAR="1998",
        PAGES="409--413"
}


@ARTICLE{volo2nd,
	AUTHOR="S. Voloshynovskiy and S. Pereira and V. Iquise and T. Pun",	
	TITLE="Attack modelling: Towards a second generation watermarking benchmark",
	JOURNAL="Elsevier: Signal Processing",
	VOLUME="80",
	NUMBER="6",
	MONTH="May",
	YEAR="2001",
	PAGES="1177--1214"
}
@INPROCEEDINGS{kundurPfp,
        AUTHOR="D. Kundur and D. Hatzinakos",
        TITLE="Digital watermarking using multiresolution wavelet decomposition",
        BOOKTITLE="{IEEE} Intl. Conf. Acoustics, Speech and Signal Processing, ICASSP'98",
        VOLUME="5",
        ADDRESS="Seattle, WA, USA",
        MONTH="May",
        YEAR="1998",
        PAGES="2659--2662"
}

@ARTICLE{rocChak92,
        AUTHOR="D. P. Chakraborty",
        TITLE="Observer performance methodology in medical imaging",
        JOURNAL="Phys. Med. Biol.",
        VOLUME="37",
        NUMBER="7",
        YEAR="1992",
        PAGES="1433--1476"
}

@ARTICLE{rocErk98,
        AUTHOR="A. R. van Erkel",
        TITLE="Receiver operating characteristic ({ROC}) analysis: Basic principles and applications in radiology",
        JOURNAL="European Journal of Radiology",
        VOLUME="27",
        PAGES="88--94",
        YEAR="1998"
}

@ARTICLE{changPIM,
        AUTHOR="S. K. Chang and S.H. Liu",
        TITLE="Picture indexing and abstraction techniques for pictorial databases",
        JOURNAL="IEEE Trans. Pattern Analysis and Machine Intelligence (PAMI)",
        VOLUME="6",
        NUMBER="4",
        MONTH="July",
        YEAR="1984",
        PAGES="475--484"
}


@INPROCEEDINGS{tpunRST1,
	AUTHOR="J. K. \'O Ruanaidh and T. Pun",
	TITLE="Rotation, scale and translation invariant digital image watermarking",
	BOOKTITLE="Proc. {IEEE} Intl. Conf. on Image Processing, ICIP`97",
	ADDRESS="Santa Barbara, CA, USA",
	MONTH="October",
	YEAR="1997",
	PAGES="536--539"
}	

@ARTICLE{tpunRST2,
	AUTHOR="J. K. \'O Ruanaidh and T. Pun",
	TITLE="Rotation, scale and translation invariant spread spectrum digital image watermarking",
	JOURNAL="Signal Processing",
	VOLUME="66",
	NUMBER="3",
	PAGES="303--317",
	MONTH="May",
	YEAR="1998"
}

@INPROCEEDINGS{tpunRST3,
	AUTHOR="S. Pereira and J. K. \'O Ruanaidh and F. Deguillaume and T. Pun",
	TITLE="Template based recovery of {F}ourier-based watermarks using log-polar and log-log maps",
	BOOKTITLE="Proc. {IEEE} Intl. Conf. on Multimedia Computing Systems, ICMCS`99",
	ADDRESS="Florence, Italy",
	MONTH="June",
	YEAR="1999",
	PAGES="870--874"
}
	
@INPROCEEDINGS{tpunRST4,
	AUTHOR="F. Deguillaume and S. Voloshynovskiy and T. Pun",
	TITLE="A method for the estimation and recovering from general affine transforms
		in digital watermarking applications",
	BOOKTITLE="Proc. of {SPIE} Photonics West, Electronics Imaging 2002, Security and Watermarking of Multimedia
	       Contents IV",
	MONTH="January",
	YEAR="2002",
	ADDRESS="San Jose, CA, USA"
}

@INPROCEEDINGS{wangRST,
	AUTHOR="Y. Wang and J. F. Doherty and R. E. Van Dyke",
	TITLE="A rotation, scaling and translation resilient image watermarking algorithm using circular 
		{G}aussian filters", 
	BOOKTITLE="IEEE-EURASIP Workshop on 
		Nonlinear Signal and Image Processing",
	MONTH="June",
	YEAR="2001",
	ADDRESS="Baltimore, MD, USA"
}

@ARTICLE{linRST,
	AUTHOR="C-Y. Lin and M. Wu and J. A. Bloom and I. J. Cox and M. L. Miller and Y. M. Lui",
	TITLE="Rotation, scale and translation resilient watermarking for images",
	JOURNAL="IEEE Trans. on Image Processing",
	VOLUME="10",
	NUMBER="5",
	MONTH="May",
	YEAR="2001",
	PAGES="767--782"
}

@INPROCEEDINGS{senRST,
	AUTHOR="H. T. Sencar and M. Ramkumar and A. N. Akansu",
	TITLE="A robust {T}ype-{III} data hiding technique against cropping and resizing attacks",
	BOOKTITLE="IEEE Intl. Symposium on Circuits and Systems, ISCAS`2002",
	ADDRESS="Scottsdale, AZ, USA",
	MONTH="May",
	YEAR="2002",
	VOLUME="2",
	PAGES="444--447"
}
	
@INPROCEEDINGS{ozerRST,
	TITLE="A new methodology for detection of watermarks in geometrically distorted images",
	AUTHOR="I. B. Ozer and M. Ramkumar and A. N. Akansu",
	BOOKTITLE="IEEE Intl. Conf. on Acoustics, Speech and Signal Processing, ICASSP`2000",
	VOLUME="IV",
	PAGES="1963--1966",
	MONTH="June",
	YEAR="2000"
}

@INPROCEEDINGS{patrickBasRST,
	AUTHOR="P. Bas and J-M. Chassery",
	TITLE="Robust watermarking based on the warping of pre-defined triangular patterns",
	BOOKTITLE="Proc. of {SPIE}, Electronics Imaging 2000, Security and Watermarking of Multimedia
	       Contents II",
	YEAR="2000",
	ADDRESS="San Jose, CA, USA",
	PAGES="99--109"
}


@INPROCEEDINGS{voloGreece2001,
	AUTHOR="S. Voloshynovskiy and F. Deguillaume and T. Pun",
	TITLE="Multibit digital watermarking robust against nonlinear geometrical distortions",
	BOOKTITLE="Proc. {IEEE} Intl. Conf. on Image Processing, ICIP`2001",
	ADDRESS="Thessaloniki, Greece",
	MONTH="October",
	YEAR="2001",
	PAGES="999--1002"
}


@INPROCEEDINGS{ECCb4:volo,
	AUTHOR="S. Voloshynovskiy and F. Deguillaume and T. Pun",
	TITLE="Content adaptive watermarking based on a stochastic multiresolution image modeling",
	BOOKTITLE="Tenth European Signal Processing Conference, EUSIPCO`2000",
	ADDRESS="Tampere, Finland",
	MONTH="September",
	YEAR="2000",
}

@BOOK{BKX:bchPlessBk,
	AUTHOR="V. Pless",
	TITLE="Introduction to the theory of error-correcting codes",
	PUBLISHER="Wiley (New York)",
	YEAR="1989"
}


@BOOK{ECCb4:book,
	AUTHOR="S. Katzenbeisser and F. A. P. Petitcolas",
	TITLE="Information hiding: Techniques for steganography and digital watermarking",
	PUBLISHER="Artech House Books",
	YEAR="1999"
}


@INPROCEEDINGS{BKX:shinPIM,
	AUTHOR="J-W. Shin and D-S. Jeong",
	TITLE="A new watermarking method using entropy-based region segmentation",
	BOOKTITLE="Proc. of SPIE",
	VOLUME="3528",
	YEAR="1999",
	PAGES="531--538"
}


@ARTICLE{BKX:changPIM,
        AUTHOR="S. K. Chang and S. H. Liu",
        TITLE="Picture indexing and abstraction techniques for pictorial databases",
        JOURNAL="IEEE Trans.on Pattern Analysis and Machine Intelligence (PAMI)",
        VOLUME="6",
        NUMBER="4",
        MONTH="July",
        YEAR="1984",
        PAGES="475--484"
}


@INPROCEEDINGS{mayacheDI,
	AUTHOR="A. Mayache and T. Eude and H. Cherefi",
	TITLE="A comparison of image quality models and metrics based on human visual sensitivity",
	BOOKTITLE="Proc. {IEEE} Intl. Conf. on Image Processing, ICIP`98",
	ADDRESS="Chicago, IL, USA",
	MONTH="October",
	YEAR="1998",
	PAGES="409--413"
}
