@ARTICLE{tian03,
        AUTHOR="J. Tian",
        TITLE="Reversible data embedding using difference expansion",
        JOURNAL="IEEE Trans. on Circuits and Systems for Video Technology",
        VOLUME="13",
        NUMBER="8",
        MONTH="August",
        YEAR="2003",
        PAGES="890--896"
}

@INPROCEEDINGS{weng07,
        AUTHOR="S. Weng and Y. Zhao and J-S. Pan and R. Ni ",
        TITLE="A novel reversible watermarking based on an integer transform",
	BOOKTITLE="Proc. {IEEE} Intl. Conf. on Image Processing, ICIP`08",
	ADDRESS="San Antonio, TX, USA",
	MONTH="Sept.",
	YEAR="2007",
	PAGES="241--244"
}	

@ARTICLE{feng06,
        AUTHOR="J-B. Feng and I-C. Lin and C-S. Tsai and Y-P. Chu",
        TITLE="Reversible watermarking: Current status and key issues",
        JOURNAL="Intl. Journal of Network Security",
        VOLUME="2",
        NUMBER="3",
        MONTH="May",
        YEAR="2006",
        PAGES="161--171"
}

@ARTICLE{howard98,
        AUTHOR="P. G. Howard and F. Kossentini and B. Martins and S. Forchhammer",
        TITLE="The emerging {JBIG2} standard",
        JOURNAL="IEEE Trans. on Circuits and Systems for Video Technology",
        VOLUME="8",
        NUMBER="7",
        YEAR="1998",
        PAGES="838--848"
}

@MISC{matlab,
	TITLE="{MATLAB} [online]",
	NOTE="Available from the World Wide Web (date accessed: March 2008): 
		\begin{footnotesize}http://www.mathworks.com/products/matlab\end{footnotesize}"
}
@MISC{matlab2,
	TITLE="{MATLAB} [online], {A}vailable from the {W}orld {W}ide {W}eb (date accessed: March 2008):\\ 
		http://www.mathworks.com/products/matlab"
}

@ARTICLE{alattar04,
        AUTHOR="A. M. Alattar",
        TITLE="Reversible watermark using the difference expansion of a generalized integer transform",
        JOURNAL="IEEE Trans. on Image Processing",
        VOLUME="13",
        NUMBER="8",
        YEAR="2004",
        PAGES="1147--1156"
}

@ARTICLE{celik05,
        AUTHOR="M. U. Celik and G. Sharman and A. M. Tekalp and E. Saber",
        TITLE="Lossless generalised-{LSB} data embedding",
        JOURNAL="IEEE Trans. on Image Processing",
        VOLUME="14",
        NUMBER="2",
        YEAR="2005",
        PAGES="253--266"
}

@INPROCEEDINGS{chang05,
        AUTHOR="C. C. Chang and W. L. Tai and M. H. Lin",
        TITLE="A reversible data hiding scheme with modified side match vector quantization",
	BOOKTITLE="Proc. Intl. Conf. on Advanced Information Networking and Applications",
	ADDRESS="Taiwan",
	MONTH="March",
	YEAR="2005",
	PAGES="947--952"
}	

@ARTICLE{frid02,
        AUTHOR="J. Fridrich and M. Goljan and R. Du",
        TITLE="Lossless data embedding - a new paradigm in digital watermarking",
        JOURNAL="EURASIP Journal on Applied Signal Processing",
	VOLUME="2002",
	MONTH="Feb.",
        NUMBER="2",
        YEAR="2002",
        PAGES="185--196"
}

@INPROCEEDINGS{thodi04,
        AUTHOR="D. M. Thodi and J. J. Rodr\'{\i}guez",
        TITLE="Reversible watermarking by prediction-error expansion",
	BOOKTITLE="Proc. of the 6th IEEE Southwest Symposium on Image Analysis and Interpretation",
	ADDRESS="Lake Tahoe, USA",
	MONTH="March",
	YEAR="2004",
	VOLUME="3",
	PAGES="21--25"
}	

@ARTICLE{vlees03,
        AUTHOR="C. D. Vleeschouwer and J. F. Delaigle and B. Macq",
        TITLE="Circular interpretation of bijective transformations in lossless watermarking for media asset management",
        JOURNAL="IEEE Trans. on Multimedia",
	VOLUME="5",
	MONTH="March",
        NUMBER="1",
        YEAR="2003",
        PAGES="97--105"
}

@INPROCEEDINGS{yang04,
        AUTHOR="B. Yang and M. Schmucker and X. Niu and C. Busch and S. Sun",
        TITLE="Reversible image watermarking by histogram modification for integer {DCT} coefficients",
	BOOKTITLE="Proc. of the 6th IEEE Workshop on Multimedia Signal Processing",
	ADDRESS="Siena, Italy",
	MONTH="Sept.",
	YEAR="2004",
	PAGES="143--146"
}	

@ARTICLE{kim97_,
 	AUTHOR = "W-Y. Kim",
 	TITLE = "The JBIG standard",
 	BOOK = "Digital Consumer Electronics Handbook",
 	YEAR = "1997",
 	ISBN = "0-07-034143-5",
 	PAGES = "911--924",
 	PUBLISHER = "McGraw-Hill, Inc.",
 	ADDRESS = "Hightstown, NJ, USA"
}
@article{kim97__,
 author = {Whoi-Yul Kim},
 title = {The JBIG standard},
 book = {Digital consumer electronics handbook},
 year = {1997},
 isbn = {0-07-034143-5},
 pages = {911--924},
 publisher = {McGraw-Hill, Inc.},
 address = {Hightstown, NJ, USA},
 }
@INCOLLECTION{kim97,
	EDITOR = "R. K. Jurgen",
	BOOKTITLE = "Digital Consumer Electronics Handbook",
	PUBLISHER = "McGraw-Hill, Inc.",
	YEAR="1997",
	PAGES = "911--924",
	ADDRESS = "Hightstown, NJ, USA",
	AUTHOR = "W-K. Kim",
       	TITLE = "The {JBIG} standard"
}


